@online{NEAT,
    author = "Wikipedia",
    title = "Neuroevolution of augmenting topologies",
    url  = "https://en.wikipedia.org/wiki/Neuroevolution_of_augmenting_topologies",
    addendum = "(accessed: 02.22.2022)",
    keywords = "NEAT, AI",
    year={2021}
}